@Article{
	main,
	TITLE		= {The distribution of sandpile groups of random graphs},
	AUTHOR		= {Matchett Wood, MÃ©lanie},
	MONTH		= {juin},
	YEAR		= 2014,
	URL			= {http://arxiv.org/abs/1402.5149v2}
}


